<?xml version="1.0" encoding="UTF-8"?><record xmlns="http://www.loc.gov/MARC21/slim" xmlns:cinclude="http://apache.org/cocoon/include/1.0" xmlns:zs="http://www.loc.gov/zing/srw/">
  <leader>00340nz  a2200121n  4500</leader>
  <controlfield tag="001">nr 98018439 </controlfield>
  <controlfield tag="003">DLC</controlfield>
  <controlfield tag="005">19980516052716.4</controlfield>
  <controlfield tag="008">980514n| acannaab|          |n aaa     c</controlfield>
  <datafield tag="010" ind1=" " ind2=" ">
    <subfield code="a">nr 98018439 </subfield>
  </datafield>
  <datafield tag="040" ind1=" " ind2=" ">
    <subfield code="a">NIC</subfield>
    <subfield code="c">NIC</subfield>
  </datafield>
  <datafield tag="100" ind1="1" ind2="0">
    <subfield code="a">Bebermeyer, Renate</subfield>
  </datafield>
  <datafield tag="670" ind1=" " ind2=" ">
    <subfield code="a">WoĚrterbuch zu Martin Luthers deutschen Schriften, 1993- :</subfield>
    <subfield code="b">t.p. (Renate Bebermeyer)</subfield>
  </datafield>
</record>